@misc{our-full,
    author = {Bellare, Mihir and Davis, Hannah and G{\"{u}}nther, Felix},
    title = {Separate Your Domains: {NIST PQC KEM}s, Oracle Cloning and Read-Only Indifferentiability},
    howpublished = {Cryptology ePrint Archive},
    year = {2020},
}


@article{bellare2004breaking,
  title={Breaking and provably repairing the SSH authenticated encryption scheme: A case study of the Encode-then-Encrypt-and-MAC paradigm},
  author={Bellare, Mihir and Kohno, Tadayoshi and Namprempre, Chanathip},
  journal={ACM Transactions on Information and System Security (TISSEC)},
  volume={7},
  number={2},
  pages={206--241},
  year={2004},
  publisher={ACM}
}

@inproceedings{oiwa2009pake,
  title={PAKE-based mutual HTTP authentication for preventing phishing attacks},
  author={Oiwa, Yutaka and Takagi, Hiromitsu and Watanabe, Hajime and Suzuki, Hirofumi},
  booktitle={Proceedings of the 18th international conference on World wide web},
  pages={1143--1144},
  year={2009},
  organization={ACM}
}

@inproceedings{hao2008password,
  title={Password authenticated key exchange by juggling},
  author={Hao, Feng and Ryan, Peter YA},
  booktitle={International Workshop on Security Protocols},
  pages={159--171},
  year={2008},
  organization={Springer}
}

@misc{cryptoeprint:2016:711,
    author = {Hugo Krawczyk},
    title = {A Unilateral-to-Mutual Authentication Compiler for Key Exchange  (with Applications to Client Authentication in TLS 1.3)},
    howpublished = {Cryptology ePrint Archive, Report 2016/711},
    year = {2016},
    note = {\url{http://eprint.iacr.org/2016/711}},
}

@inproceedings{ pake-w2sp09,
  author = "John Engler and Chris Karlof and Elaine Shi and Dawn Song",
  title = "Is it too late for {PAKE}?",
  booktitle = "Web 2.0 Security and Privacy Workshop 2009 (W2SP 2009)",
  month = "May",
  year = 2009 }

@Inbook{Manulis2014,
author="Manulis, Mark
and Stebila, Douglas
and Denham, Nick",
editor="Chen, Liqun
and Mitchell, Chris",
chapter="Secure Modular Password Authentication for the Web Using Channel Bindings",
title="Security Standardisation Research: First International Conference, SSR 2014, London, UK, December 16-17, 2014. Proceedings",
year="2014",
publisher="Springer International Publishing",
address="Cham",
pages="167--189",
isbn="978-3-319-14054-4",
doi="10.1007/978-3-319-14054-4_11",
url="http://dx.doi.org/10.1007/978-3-319-14054-4_11"
}

@inproceedings {190888,
author = {Mathy Vanhoef and Frank Piessens},
title = {All Your Biases Belong to Us: Breaking {RC4} in {WPA-TKIP} and {TLS}},
booktitle = {24th USENIX Security Symposium (USENIX Security 15)},
year = {2015},
month = Aug,
isbn = {978-1-931971-232},
address = {Washington, D.C.},
pages = {97--112},
url = {https://www.usenix.org/conference/usenixsecurity15/technical-sessions/presentation/vanhoef},
publisher = {USENIX Association},
}

@inproceedings {182942,
author = {Nadhem AlFardan and Daniel J. Bernstein and Kenneth G. Paterson and Bertram Poettering and Jacob C. N. Schuldt},
title = {On the Security of {RC4} in {TLS}},
booktitle = {Presented as part of the 22nd USENIX Security Symposium (USENIX Security 13)},
year = {2013},
isbn = {978-1-931971-03-4},
address = {Washington, D.C.},
pages = {305--320},
url = {https://www.usenix.org/conference/usenixsecurity13/technical-sessions/paper/alFardan},
publisher = {USENIX},
}

@article{duong2011here,
  title={Here Come the $\xor$ Ninjas},
  author={Duong, Thai and Rizzo, Juliano},
  year={2011}
}
@article{PCIT:Nieder86,
title = {Knapsack-type cryptosystems and algebraic coding theory},
author={H. Niederreiter},
journal={Prob. Contr. and Information Theory},
volume={15},
pages = {159--166},
year={1986},
}

@InProceedings{weakkeys12,
  author = {Nadia Heninger and Zakir Durumeric and Eric Wustrow and J. Alex Halderman},
  title = {Mining Your {P}s and {Q}s: {D}etection of Widespread Weak Keys in Network Devices},
  booktitle = {Proceedings of the 21st {USENIX} Security Symposium},
  month = aug,
  year = 2012
}

@inproceedings {180371,
author = {Devdatta Akhawe and Adrienne Porter Felt},
title = {Alice in Warningland: A Large-Scale Field Study of Browser Security Warning Effectiveness},
booktitle = {Presented as part of the 22nd USENIX Security Symposium (USENIX Security 13)},
year = {2013},
isbn = {978-1-931971-03-4},
address = {Washington, D.C.},
pages = {257--272},
url = {https://www.usenix.org/conference/usenixsecurity13/technical-sessions/presentation/akhawe},
publisher = {USENIX},
}

@article{moller2014poodle,
  title={This POODLE Bites: Exploiting the SSL 3.0 Fallback},
  author={M{\"o}ller, Bodo and Duong, Thai and Kotowicz, Krzysztof},
  year={2014}
}

@misc{heartbleed,
  title = {Heartbleed Bug},
  howpublished = {\url{http://heartbleed.com/}},
  year = {2014},
  note = {Accessed: 2016-05-15}
}

@misc{berserk,
  title = {BERserk Vulnerability},
  author = {{Intel Security: Advanced Threat Research}},
  howpublished = {\url{http://www.intelsecurity.com/advanced-threat-research/content/crypto.html}},
  year = {2014},
  note = {Accessed: 2016-05-15}
}

@misc{superfish,
  title = {Komodia/Superfish {SSL} Validation is Broken},
  author = {Filippo Valsorda},
  howpublished = {\url{https://blog.filippo.io/komodia-superfish-ssl-validation-is-broken/}},
  year = {2015},
  note = {Accessed: 2016-05-15}
}

@misc{comodo,
  title = {Comodo {SSL} Affiliate The Recent {RA} Compromise},
  howpublished = {\url{https://blog.comodo.com/other/the-recent-ra-compromise/}},
  year = {2011},
  note = {Accessed: 2016-05-15}
}

@misc{diginotar,
  title = {An Update on Attempted Man-in-the-Middle Attacks},
  howpublished = {\url{https://security.googleblog.com/2011/08/update-on-attempted-man-in-middle.html}},
  year = {2011},
  note = {Accessed: 2016-05-15}
}

@misc{cnnic,
  title = {Maintaining Digital Certificate Security},
  howpublished = {\url{https://security.googleblog.com/2015/03/maintaining-digital-certificate-security.html}},
  year = {2015},
  note = {Accessed: 2016-05-15}
}



@misc{FIPS202,
	author = {NIST},
	title = {{Federal Information Processing Standard 202, SHA-3 Standard: Permutation-Based Hash and Extendable-Output Functions}},
	date = {5},
	month = {Aug},
	year = {2015},
	doi = {10.6028/NIST.FIPS.202},
	url = {http:dx.doi.org/10.6028/NIST.FIPS.202},
}

@phdthesis{thesis:Brzuska13,
	title={{On the Foundations of Key Exchange}},
	author={Christina Brzuska},
	school={Technische Universit{\"a}t Darmstadt},
	address={Darmstadt, Germany},
	year={2013},
	note={\url{http://tuprints.ulb.tu-darmstadt.de/3414/}}
}

%
% not yet in crypto.bib
%



%
% NIST PQC process
%
@misc{NIST-PQC,
	author = {NIST},
	title = {{Post-Quantum Cryptography Standardization Process}},
	howpublished = {\url{https://csrc.nist.gov/projects/post-quantum-cryptography}},
}

@misc{NIST-PQC-round2,
	author = {NIST},
	title = {{PQC Standardization Process: Second Round Candidate Announcement}},
	howpublished = {\url{https://csrc.nist.gov/news/2019/pqc-standardization-process-2nd-round-candidates}},
	month = jan,
	year = {2019},
}

@misc{NIST-PQC-statusreport-round1,
	author = {NIST},
	title = {{Status Report on the First Round of the NIST Post-Quantum Cryptography Standardization Process}},
	howpublished = {\url{https://csrc.nist.gov/publications/detail/nistir/8240/final}},
	month = jan,
	year = {2019},
}

@misc{NIST-PQC-FAQ17,
  author = {NIST},
  title = {{Post-Quantum Cryptography Standardization Process FAQs}},
  howpublished = {\url{https://csrc.nist.gov/Projects/Post-Quantum-Cryptography/faqs}},
}

% %%%%%%%%%%%%%%%%%%%%%%%%%%%%%%%%%%%%%%%%%%%%%%%%%%%%%%%%%%%%%%%%%%%%
% NIST PQC submissions
% %%%%%%%%%%%%%%%%%%%%%%%%%%%%%%%%%%%%%%%%%%%%%%%%%%%%%%%%%%%%%%%%%%%%

%
% Round 1 (only)
% https://csrc.nist.gov/Projects/Post-Quantum-Cryptography/Round-1-Submissions
%

@misc{nistpqc:BIGQUAKE,
  title = {{BIG QUAKE}: Binary Goppa Quasi-cyclic Key Encapsulation},
  author = {Magali Bardet and {\'E}lise Barelli and  Olivier Blazy and Rodolfo Canto-Torres and
  Alain Couvreur and Philippe Gaborit and  Ayoub Otmani and Nicolas Sendrier and Jean-Pierre Tillich},
  howpublished = {{NIST} {PQC} Round 1 Submission},
  year = {2017},
}

@misc{nistpqc:DAGS,
  title = {{DAGS}: Key Encapsulation from Dyadic {GS} Codes},
  author = {Gustavo Banegas and Paulo S. L. M. Barreto and Brice Odilon Boidje and Pierre-Louis Cayrel and
  Gilbert Ndollane Dione and Kris Gaj and Cheikh Thi{\'e}coumba Gueye and Richard Haeussler and
  Jean Belo Klamti and Ousmane N'diaye and Duc Tri Nguyen and Edoardo Persichetti and Jefferson E. Ricardini},
  howpublished = {{NIST} {PQC} Round 1 Submission},
  year = {2017},
}

@misc{nistpqc:EMBLEM,
  title = {Proposal for {NIST} Post-Quantum Cryptography Standard: {EMBLEM} and {R.EMBLEM}},
  author = {Minhye Seo and Jong Hwan Park and Dong Hoon Lee and Suhri Kim and Seung-Joon Lee},
  howpublished = {{NIST} {PQC} Round 1 Submission},
  year = {2017},
}

@misc{nistpqc:KCL,
  title = {A Modular and Systematic Approach to Key Establishment and Public-Key
  Encryption Based on {LWE} and Its Variants},
  author = {Yunlei Zhao and Zhengzhong Jin and Boru Gong and Guangye Sui},
  howpublished = {{NIST} {PQC} Round 1 Submission},
  year = {2017},
}

@misc{nistpqc:KINDI,
  title = {{KINDI} Submission},
  author = {Rachid El Bansarkhani},
  howpublished = {{NIST} {PQC} Round 1 Submission},
  year = {2017},
}

@misc{nistpqc:LEDAkem,
  title = {{LEDAkem}: Low Density Code Based Key Encapsulation},
  author = {Marco Baldi and Alessandro Barenghi and Franco Chiaraluce and Gerardo Pelosi and Paolo Santini},
  howpublished = {{NIST} {PQC} Round 1 Submission},
  year = {2017},
}

@misc{nistpqc:Lepton,
  title = {Lepton: Key Encapsulation Mechanisms from a variant of Learning Parity with Noise},
  author = {Yu Yu and Jiang Zhang},
  howpublished = {{NIST} {PQC} Round 1 Submission},
  year = {2017},
}

@misc{nistpqc:LIMA,
  title = {{LIMA}: A {PQC} Encryption Scheme},
  author = {Nigel P. Smart and Martin R. Albrecht and Yehuda Lindell and Emmanuela Orsini
  and Valery Osheter and Kenneth G. Paterson and Guy Peer},
  howpublished = {{NIST} {PQC} Round 1 Submission},
  year = {2017},
}

@misc{nistpqc:Lizard,
  title = {Lizard Public Key Encryption},
  author = {Jung Hee Cheon and Sangjoon Park and Joohee Lee and Duhyeong Kim and Yongsoo Song
  and Seungwan Hong and Dongwoo Kim and Jinsu Kim and Seong-Min Hong and Aaram Yun and
  Jeongsu Kim and Haeryong Park and Eunyoung Choi and Kimoon Kim and Jun-Sub Kim and Jieun Lee},
  howpublished = {{NIST} {PQC} Round 1 Submission},
  year = {2017},
}

@misc{nistpqc:LOCKER,
  title = {{LOCKER}: Low Rank Parity Check Codes Encryption},
  author = {Nicolas Aragon and Olivier Blazy and Jean-Christophe Deneuville and Philippe Gaborit
  and Adrien Hauteville and Olivier Ruatta and Jean-Pierre Tillich and Gilles Z{\'e}mor},
  howpublished = {{NIST} {PQC} Round 1 Submission},
  year = {2017},
}

@misc{nistpqc:LOTUS,
  title = {{LOTUS}: Algorithm Specifications and Supporting Documentation},
  author = {Le Trieu Phong and Takuya Hayashi and Yoshinori Aono and Shiho Moriai},
  howpublished = {{NIST} {PQC} Round 1 Submission},
  year = {2017},
}

@misc{nistpqc:Mersenne,
  title = {A New Public-Key Cryptosystem via {Mersenne} Numbers},
  author = {Divesh Aggarwal and Antoine Joux and Anupam Prakash and Miklos Santha},
  howpublished = {{NIST} {PQC} Round 1 Submission},
  year = {2017},
}

@misc{nistpqc:NTRU-HRSS-KEM,
  title = {{NTRU-HRSS-KEM}: Algorithm Specifications and Supporting Documentations},
  author = {Andreas H{\"u}lsing and Joost Rijneveld and John M. Schanck and Peter Schwabe},
  howpublished = {{NIST} {PQC} Round 1 Submission},
  year = {2017},
}

@misc{nistpqc:OddM,
  title = {Odd Manhattan's Algorithm Specifications and Supporting Documentation},
  author = {Thomas Plantard},
  howpublished = {{NIST} {PQC} Round 1 Submission},
  year = {2017},
}

@misc{nistpqc:QCMDPC,
  title = {{QC-MDPC} {KEM}: A Key Encapsulation Mechanism Based on the QC-MDPC McEliece
  Encryption Scheme},
  author = {Atsushi Yamada and Edward Eaton and Kassem Kalach and Philip Lafrance and Alex Parent},
  howpublished = {{NIST} {PQC} Round 1 Submission},
  year = {2017},
}

@misc{nistpqc:RLCE,
  title = {{RLCE} Key Encapsulation Mechansim ({RLCE-KEM}) Specification},
  author = {Yongge Wang},
  howpublished = {{NIST} {PQC} Round 1 Submission},
  year = {2017},
}

@misc{nistpqc:Round2,
  title = {{Round2}: {KEM} and {PKE} based on {GLWR}},
  author = {Oscar Garcia-Morchon and Zhenfei Zhang},
  howpublished = {{NIST} {PQC} Round 1 Submission},
  year = {2017},
}

@misc{nistpqc:Titanium,
  title = {{Titanium}: Proposal for a {NIST} Post-quantum Public-key Encryption and {KEM} Standard},
  author = {Ron Steinfeld and Amin Sakzad and Raymond Kuo Zhao},
  howpublished = {{NIST} {PQC} Round 1 Submission},
  year = {2017},
}


%
% Round 2
% https://csrc.nist.gov/projects/post-quantum-cryptography/round-2-submissions
%

@misc{nistpqc:BIKE,
  title = {{BIKE}: Bit Flipping Key Encapsulation},
  author = {Nicolas Aragon and Paulo S. L. M. Barreto and Slim Bettaieb and Lo{\"i}c Bidoux and Olivier Blazy and Jean-Christophe Deneuville and Philippe Gaborit and Shay Gueron and Tim G{\"u}neysu and Carlos {Aguilar Melchor} and Rafael Misoczki and Edoardo Persichetti and Nicolas Sendrier and Jean-Pierre Tillich and Valentin Vasseur and Gilles Z{\'e}mor},
  howpublished = {{NIST} {PQC} Round 2 Submission},
  year = {2019},
}

@misc{nistpqc:ClassicMcEliece,
  title = {{Classic McEliece}: conservative code-based cryptography},
  author = {Daniel J. Bernstein and Tung Chou and Tanja Lange and Ingo von Maurich and Rafael Misoczki,
  Ruben Niederhagen and Edoardo Persichetti and Christiane Peters and Peter Schwabe and Nicolas Sendrier and
  Jakub Szefer and Wen Wang},
  howpublished = {{NIST} {PQC} Round 2 Submission},
  year = {2019},
}

@misc{nistpqc:CRYSTALSKyber,
  title = {{CRYSTALS-Kyber}: Algorithm Specifications and Supporting Documentation},
  author = {Roberto Avanzi and Joppe Bos and L{\'e}o Ducas and Eike Kiltz and Tancr{\`e}de Lepoint and
  Vadim Lyubashevsky and John M. Schanck and Peter Schwabe and Gregor Seiler and Damien Stehl{\'e}},
  howpublished = {{NIST} {PQC} Round 2 Submission},
  year = {2019},
}

@misc{nistpqc:FrodoKEM,
  title = {{FrodoKEM}: Learning With Errors Key Encapsulation},
  author = {Michael Naehrig and Erdem Alkim and Joppe W. Bos and L{\'e}o Ducas and
  Karen Easterbrook and Brian LaMacchia and Patrick Longa and Ilya Mironov and Valeria Nikolaenko
  and Chris Peikert and Ananth Raghunathan and Dougles Stebila. },
  howpublished = {{NIST} {PQC} Round 2 Submission},
  year = {2019},
}

@misc{nistpqc:HQC,
  title = {Hamming Quasi-Cyclic ({HQC})},
  author = {Carlos Aguilar Melchor and Nicolas Aragon and Slim Bettaieb and Lo{\"i}c Bidoux
  and Olivier Blazy and Jean-Christophe Deneuville Philippe Gaborit and Edoardo Persichetti
  Gilles Z{\'e}mor},
  howpublished = {{NIST} {PQC} Round 2 Submission},
  year = {2019},
}

@misc{nistpqc:LAC,
  title = {{LAC}: Lattice-based Cryptosystems},
  author = {Xianhui Lu and Yamin Liu and Dingding Jia and Haiyang Xue and Jingnan He
  and Zhenfei Zhang},
  howpublished = {{NIST} {PQC} Round 2 Submission},
  year = {2019},
}

@misc{nistpqc:LEDAcrypt,
  title = {{LEDAcrypt}: Low-dEnsity parity-check coDe-bAsed cryptographic systems},
  author = {Marco Baldi and Alessandro Barenghi and Franco Chiaraluce and Gerado Pelosi and Paolo Santini},
  howpublished={{NIST}{PQC} Round 2 Submission},
  year = {2019},
}
@misc{nistpqc:MQDSS,
  title = {{MQDSS} specifications},
  author = {Ming-Shing Chen and Andreas H{\"u}lsing and Joost Rijneveld and Simona Samardjiska and Peter Schwabe},
  howpublished = {{NIST} {PQC} Round 2 Submission},
  year = {2019},
}

@misc{nistpqc:NewHope,
  title = {{NewHope}: Algorithm Specifications and Supporting Documentation},
  author = {Erdem Alkim and Roberto Avanzi and Joppe Bos and L{\'e}o Ducas and Antonio de la Piedra
  and Thomas P{\"o}ppelmann and Peter Schwabe and Douglas Stebila},
  howpublished = {{NIST} {PQC} Round 2 Submission},
  year = {2019},
}

@misc{nistpqc:NTRU,
  title = {{NTRU}: Algorithm Specifications and Supporting Documentations},
  author = {Cong Chen and Oussama Danba and Jeffrey Hoffstein and Andreas H{\"u}lsing and Joost Rijneveld and John M. Schanck and Peter Schwabe and William Whyte and Zhenfei Zhang},
  howpublished = {{NIST} {PQC} Round 2 Submission},
  year = {2019},
}

@misc{nistpqc:NTRUPrime,
  title = {{NTRU Prime}},
  author = {Daniel J. Bernstein and Chitchanok Chuengsatiansup and Tanja Lange and Christine van Vredendaal},
  howpublished = {{NIST} {PQC} Round 2 Submission},
  year = {2019},
}

@misc{nistpqc:NTS-KEM,
  title = {{NTS-KEM}},
  author = {Martin Albrecht and Carlos Cid and Kenneth G. Paterson and Cen Jung Tjhai and Martin Tomlinson},
  howpublished = {{NIST} {PQC} Round 2 Submission},
  year = {2019},
}

@misc{nistpqc:ROLLO,
  title = {{ROLLO}: Rank-Ouroboros, {LAKE}, \& {LOCKER}},
  author = {Carlos Aguilar Melchor and Nicolas Aragon and Slim Bettaieb and Lo{\"i}c Bidoux
  and Olivier Blazy and Jean-Christophe Deneuville and Philippe Gaborit and Adrien Hauteville
  and Olivier Ruatta and Jean-Pierre Tillich and Gilles Z{\'e}mor},
  howpublished = {{NIST} {PQC} Round 2 Submission},
  year = {2018},
}

@misc{nistpqc:Round5,
 title = {{Round5}: {KEM} and {PKE} based on (Ring) Learning with Rounding},
 author = {Hayo Baan and Sauvik Bhattacharya and Scott Fluhrer and Oscar Garcia-Morchon and Thijs Laarohoven
and Rachel Player and Ronald Rietman and Markku-Juhani O. Saarinen and Ludo Tolhuizen and Jos{\'e} Luis Torre-Arce
and Zhenfei Zhang},
 howpublished = {{NIST} {PQC} Round 2 Submission},
 year = {2019},
}

@misc{nistpqc:RQC,
  title = {Rank Quasi-Cyclic ({RQC})},
  author = {Carlos Aguilar Melchor and Nicolas Aragon and Slim Bettaieb and Lo{\"i}c Bidoux
  and Olivier Blazy and Jean-Christophe Deneuville and Philippe Gaborit and Gilles Z{\'e}mor},
  howpublished = {{NIST} {PQC} Round 2 Submission},
  year = {2019},
}

@misc{nistpqc:SABER,
  title = {{SABER}: Mod-{LWR} based {KEM}},
  author = {Jan-Pieter D'Anvers and Angshuman Karmakar and Sujoy Sinha Roy and Frederik Vercauteren},
  howpublished = {{NIST} {PQC} Round 2 Submission},
  year = {2019},
}

@misc{nistpqc:SIKE,
  title = {Supersingular Isogeny Key Encapsulation},
  author = {David Jao and Reza Azarderakhsh and Matthew Campagna and Craig Costello
  and Luca De Feo and Basil Hess and Amir Jalali and Brian Koziel and Brian LaMacchia
  and Patrick Longa and Michael Naehring and Joost Renes and Vladimir Soukharev and David Urbanik},
  howpublished = {{NIST} {PQC} Round 2 Submission},
  year = {2019},
}

@misc{nistpqc:ThreeBears,
  title = {Post-quantum cryptography proposal: {ThreeBears}},
  author = {Mike Hamburg},
  howpublished = {{NIST} {PQC} Round 2 Submission},
  year = {2019},
}

@misc{SHAKE/SHA3,
  title = {{SHA-3} Standard: Permutation-Based hash and Extendable-Output Functions},
  author = {{National Institute of Standards and Technology}},
  howpublished = {Federal Information Processing Standards Publication 202},
  year = {2015}}


% OAEP + PSS
@misc{rfc8017,
  author="K. {Moriarty (Ed.)} and B. Kaliski and J. Jonsson and A. Rusch",
  title="{PKCS \#1: RSA Cryptography Specifications Version 2.2}",
  howpublished="RFC 8017 (Informational)",
  series="Internet Request for Comments",
  type="RFC",
  number="8017",
  pages="1--78",
  year=2016,
  month=nov,
  issn="2070-1721",
  publisher="RFC Editor",
  institution="RFC Editor",
  organization="RFC Editor",
  address="Fremont, CA, USA",
  url="https://www.rfc-editor.org/rfc/rfc8017.txt",
  key="RFC 8017",
  abstract={This document provides recommendations for the implementation of public-key cryptography based on the RSA algorithm, covering cryptographic primitives, encryption schemes, signature schemes with appendix, and ASN.1 syntax for representing keys and for identifying the schemes. This document represents a republication of PKCS \#1 v2.2 from RSA Laboratories' Public-Key Cryptography Standards (PKCS) series. By publishing this RFC, change control is transferred to the IETF. This document also obsoletes RFC 3447.},
  keywords="RSA public-key cryptosystem, RSA signature scheme, RSA public key, RSA private key, PKCS \#1 v1.5, RSA-OAEP, RSA-PSS, Optimal Asymmetric Encryption Padding, Probabilistic Signature Scheme",
  doi="10.17487/RFC8017",
  }


@article{Huffman-coding,
	author={D. A. {Huffman}},
	journal={Proceedings of the IRE},
	title={A Method for the Construction of Minimum-Redundancy Codes},
	year={1952},
	volume={40},
	number={9},
	pages={1098-1101},
	keywords={Transmitters},
	doi={10.1109/JRPROC.1952.273898},
	ISSN={},
	month=sep,
}
